@comment{

Este es el archivo de referencias bibliogr'aficas, que incluye tambi'en algunos
ejemplos de c'omo capturar la informaci'on de tus referencias.

Algunas de las referencias m'as comunes son art'iculos de revista,
estos se escriben como se muestra acontinuaci'on. Nota que los nombres
de los autores se separan siempre por la palabra " and ", *incluso* si el
documento de tesis est'a escrito en espa~nol. El sistema cambiara ese "and"
por el apropiado "y".

}

@article{NewCam97,
	Author = {Isaac Newton and Naomi Campbell},
	Journal = {Jornal of Funny Physics},
	Pages = {39--78},
	Title = {A Re-formulation of Gravity with Respect to Really Cool Models},
	Volume = {35},
	Year = {1997}}

@comment{

Los que siguen son ejemplos de libros.

}

@book{Knuth84,
	Author = {Donald E. Knuth},
	Publisher = {Addison-Wesley},
	Title = {The {\TeX}book},
	Year = 1984}

@book{Lamport86,
	Author = {Leslie Lamport},
	Publisher = {Addison-Wesley},
	Title = {{\LaTeX}: A Document Preparation System},
	Year = 1986}

@comment{

Ahora un ejemplo de un art'iculo publicado en un congreso. Nota tambi'en
que, a'un cuando son varios autores, tienes que escribir *siempre* la
palabra " and " entre cada par de ellos.

}

@inproceedings{Rofl06,
	Author = {Caesar, Matthew  and Condie, Tyson  and Kannan, Jayanthkumar 
	          and Lakshminarayanan ,Karthik  and Stoica, Ion },
	Booktitle = {ACM SIGCOMM},
	Title = {{ROFL}: Routing on Flat Labels},
	Year = {2006}}

@comment{

Finalmente dos referencias a manuales.

}

@manual{doc:natbib,
	Author = {Daly W., Patrick  },
	Month = feb,
	Title = {Naural Sciences Citations and References},
	Year = {2007}}

@manual{doc:geometry,
	Author = {Umeki, Hideo },
	Month = jul,
	Title = {The geometry package},
	Year = {2002}}
	
	%%%%%%%%%%%%%%%%%%%%%%%%%%%%%%%%%%%%%%%%%%%%%%%%%%%%%%%%%%%%%%%%%%%%%%%%
	@book{Legaspi12,
	Author = {Hern\'andez, Alberto  and Legaspi , Marco and Pel\'aez, Jaime },
	Publisher = {Universidad Complutense de Madrid},
	Title = {Control inteligente del p'endulo invertido},
	Year = 2012}
	
	@book{BoteOrtega,
	Author = {Ortega, Fernando },
	Publisher = {Universidad de Sevilla, Escuela Superior T\'ecnica de Ingenieros},
	Title = {Modelado y control del p\'endulo invertido sobre carro mediante sistemas h\'ibridos.},
	Year = 2012	}
	
@ARTICLE{odanilo,
author = {Montoya, Oscar  and  Valenzuela, Juan  and Buitrago, Didier },
title = {Balanceo y Estabilizaci\'on del P\'endulo Invertido Empleando Redes Neuronales Artificiales y un Regulador Lineal \'Optimo con Criterio Cuadr\'atico {(LQR)}},
journal = {Scientia et Technica},
note= {Universidad Tecnol\'ogica de Pereira, Pereira, Colombia},
year = {2013},
month= {mar},
volume = {14}
}


@ARTICLE{anrango,
author = {Arango, Ramiro  and  Navarro, \'Alvaro  and  Padilla, Jos\'e},
title = {Sistemas Open Hardware y Open Source aplicados
a la ense\'nanza de la electr\'onica},
journal = {Revista de Investigaciones- Universidad del Quindío},
note= {Universidad del Quindío},
year = {2014},
month= {mar},
volume = {}
}

	@booklet{Ainternational,
	Author = "{Text Analysis International Inc}",
	
	Title = {Integrated development environments for natural language  processing},
	Year = 2011	}
	
	@ARTICLE{kavitha,
author = { Kavitha, S. and  Sindhu, S.},
title = {Comparison of integrated development environment (IDE) Debugging tools: Eclipse vs Netbeans},
journal = {International Research Journal of Engineering and Technology (IRJET)},
note= {Universidad Tecnológica de Pereira, Pereira, Colombia},
year = {2015},

month= {jul},
volume = {02}
}

	@ARTICLE{russell,
author = {Russell, Luke  and Steele, Alan   and Goubran, Rafik },
title = {Low-Cost, Rapid Prototyping of IMU and Pressure
Monitoring System using an Open Source Hardware
Design},
journal = {IEEE Advancing Technology for Humanity},
note= { DOI: 10.1109/I2MTC.2012.6229719},
year = {2012},
month= {jul},
volume = {}
}

@misc{spark,
  author = {{Spark fun  Electronics [US] }},
	note={Online; accessed 06 January 2016} ,
  year = {2016},
  title = {Recuperado de: \texttt{https://www.sparkfun.com/products/13262}}
	
}

	@misc{pierre,
  author = {Carbonnelle, Pierre},
	note={Online; accessed 31 August 2016} ,
  year = {2015},
  title = {TOPIDE Top IDE index (Recuperado de: \texttt{http://pypl.github.io/IDE.html})}
}

@book{melissa,
	Author = { Lochhaas, Sherry  and Moore, Melissa },
	Publisher = {B sides, Journal of the University of Iowa School of library and information science},
	Title = {Open Source Software Libraries},
	Year = 2010	
	}
	@book{javier,
	Author = {Rodr\'iguez, Jes\'us   and
  Arana, Laureano  and 
Rabasa Dolado, Alejandro  and 
Marti\'inez Bonastre, Oscar  
},
	Publisher = {Editorial Club Universitario},
	Title = {Introdicci\'on a la programaci\'on. Teor\'ia y pr\'actica. },
	Year = 2013	
	}
	
		@book{hernando,
	Author = {Fern\'andez, Hernando 
},
	Publisher = {Universidad Cat\'olica},
	Title = {OPEN HARDWARE},
	Year = 2012	
	}
	
	@misc{lazalde,
author = {Lazalde, Alan  and  Torres, Jenny  and Vila-Vi\'nas, David },
title = {Hardware libre (v1.2)},
year={2015},
month={jan},
howpublished = {Buen Conocer - FLOK Society documento de pol'itica p'ublica},
note={Proyecto realizado bajo convenio con el Ministerio Coordinador del Conocimiento y Talento Humano, la
Secretar\'ia Nacional de Educaci'on Superior, Ciencia, Tecnolog'ia e Innovaci'on y el Instituto de Altos Estudios
Nacionales del Ecuador (IAEN).} 
}
	
	
@book{garcia,
	Author = { Garc\'ia Os\'es, Alejandro },
	Publisher = {Universidad P\'ublica de Navarra},
	Title = {Dise\'no de una red CAN bus con
Arduino},
	note={Trabajo Fin de Grado  en Ingenier\'ia
en Tecnolog\'ias Industriales},
	Year = 2015	
	}
	
	@misc{arduino1,
  author = {{Arduino}},
  year = {2016},
  title = {\texttt{https://www.arduino.cc/en/Main/ArduinoBoardUno}}
}

@book{gonzales14,
	Author = {Gonz\'alez, Ra\'ul },
	Publisher = { Creative Commons Reconocimien-
to 2.5 España. },
	Title = {Python para todos},
	note={ España},
	Year = 2014	
	}
	
	
@book{mall,
	Author = {Mall, Rajib},
	Publisher = {Dorling Kinderley (India) Pvt. Ltd., licensees of Pearson Education in South Asia},
	Title = {Real-Time Systems Theory and Practicev},
	note={Department of Computer Science and Engineering Indian Institute of Technology Kharagpur India},
	Year = 2012	
	}
@book{montalvo,
	Author = {Montalvo, Alexis},
	Publisher = {UTN-Ecuador},
	Title = {Inverted pendulum controlled via real-time techniques: Plant development and modeling.},
	note={Facultad de Ingenier\'ia en Ciencias Aplicadas},
	Year = 2017	
	}	
	@book{ortiz,
	Author = {Ortiz L\'opez, Manuel},
	Publisher = {Universidad de Córdoba},
	Title = {Sistemas en Tiempo Real},
	note={\'Area de Arquitectura y Tecnolog\'ia de Computadores
Departamento de Arquitectura de Computadores, Electr\'onica y Tecnolog\'ia Electr\'onica },
	Year = 2014	
	}
		@book{ogata,
	Author = {Ogata, Katsuhiko},
	Publisher = { Prentice-Hall},
	Title = {Ingenier'ia de Control Moderna 5ª ED.},
	Year = 2010	
	}
	